@book{chaum1979computer,
  title={Computer Systems established, maintained and trusted by mutually suspicious groups},
  author={Chaum, David Lee},
  year={1979},
  publisher={Electronics Research Laboratory, University of California}
}

@article{nakamoto2008bitcoin,
  title={Bitcoin: A peer-to-peer electronic cash system},
  author={Nakamoto, Satoshi},
  journal={Decentralized Business Review},
  pages={21260},
  year={2008}
}

@article{xu2019systematic,
  title={A systematic review of blockchain},
  author={Xu, Min and Chen, Xingtong and Kou, Gang},
  journal={Financial Innovation},
  volume={5},
  number={1},
  pages={1--14},
  year={2019},
  publisher={Springer}
}

@article{yli2016current,
  title={Where is current research on blockchain technology?—a systematic review},
  author={Yli-Huumo, Jesse and Ko, Deokyoon and Choi, Sujin and Park, Sooyong and Smolander, Kari},
  journal={PloS one},
  volume={11},
  number={10},
  pages={e0163477},
  year={2016},
  publisher={Public Library of Science San Francisco, CA USA}
}

@article{engelhardt2017hitching,
  title={Hitching healthcare to the chain: An introduction to blockchain technology in the healthcare sector},
  author={Engelhardt, Mark A},
  journal={Technology Innovation Management Review},
  volume={7},
  number={10},
  year={2017}
}

@article{ethereum2014ethereum,
  title={Ethereum Whitepaper},
  author={Ethereum, W},
  journal={Ethereum. URL: https://ethereum. org [accessed 2020-07-07]},
  year={2014}
}

@inproceedings{androulaki2018hyperledger,
  title={Hyperledger fabric: a distributed operating system for permissioned blockchains},
  author={Androulaki, Elli and Barger, Artem and Bortnikov, Vita and Cachin, Christian and Christidis, Konstantinos and De Caro, Angelo and Enyeart, David and Ferris, Christopher and Laventman, Gennady and Manevich, Yacov and others},
  booktitle={Proceedings of the thirteenth EuroSys conference},
  pages={1--15},
  year={2018}
}

@article{hyperledgerorg,
  title={Hyperledger Foundation},
  author={Hyperledger, W},
  journal={Hyperledger. URL: https://hyperledger.org/ [accessed 2020-07-07]},
  year={2016}
}

@book{chaincode22python,
  title={Módulo fabric-chaincode-api para desarrollar Contratos Inteligentes empleando Python},
  author={Lara Rojas, Luis Alejandro},
  year={2022},
  publisher={Instituto de Criptografía, Universidad de La Habana}
}

@book{chaincode22csharp,
  title={Módulo fabric-chaincode-api para desarrollar Contratos Inteligentes empleando CSharp},
  author={Ibarra Rodrígues, Amalia Nilda},
  year={2022},
  publisher={Instituto de Criptografía, Universidad de La Habana}
}

@article{abou2019blockchain,
  title={Blockchain applications--usage in different domains},
  author={Abou Jaoude, Joe and Saade, Raafat George},
  journal={IEEE Access},
  volume={7},
  pages={45360--45381},
  year={2019},
  publisher={IEEE}
}